@misc{ft4,
  author = {wizu},
  title = {Badanie FT4, co pozwala okreœliæ},
  year = {2018},
  publisher = {zdrowie.gazeta.pl},
  journal = {gazeta.pl},
  howpublished = {\url{http://zdrowie.gazeta.pl/Zdrowie/7,101459,23027741,badanie-ft4-co-pozwala-okreslic.html}},
  note = "[Online; dostêp 19.16.2018]"
}

@misc{trab,
  author = {Monika Majewska},
  title = {Przeciwcia³a przeciwtarczycowe TRAb - normy i wyniki badania},
  year = {2016},
  publisher = {poradnikzdrowie.pl},
  journal = {gazeta.pl},
  howpublished = {\url{https://www.poradnikzdrowie.pl/sprawdz-sie/badania/przeciwciala-przeciwtarczycowe-trab-normy-i-wyniki-badania-aa-cAaA-89ri-hwkg.html}},
  note = "[Online; dostêp 19.16.2018]"
}

@article{graves1,
    author =       "B. Pandiyan, S. J. Merrill",
    title =        "A patient-specific treatment model for
Graves’ hyperthyroidism",
    journal =      "Theoretical Biology and Medical Modelling",
    year =         "2018 ",
    DOI =          "10.1186/s12976-017-0073-6"
}

@article{graves2,
    author =       "Ch. Langenstein, D. Schork, K. Badenhoop, E. Herrmann",
    title =        "Relapse prediction in Graves´ disease: Towards mathematical modeling of clinical, immune and genetic markers",
    journal =      "Springer Science+Business Media New York",
    year =         "2016",
    DOI =          "10.1007/s11154-016-9386-8"
}

@article{mmi,
    author =       "A. Prakash, A. Shamasunder",
    title =        "Current and emerging treatment options for Graves’ hyperthyroidism",
    journal =      "Dove Medical Press Ltd.",
    year =         "2010 ",
    DOI =          "PMC2817786"
}

@misc{statistics,
  title = {Sleep and Sleep Disorders},
  howpublished = "\url{https://www.cdc.gov/sleep/data_statistics.html}",
  publisher = {Centers for Disease Control and Prevention},
  year = {2017}, 
  note = "[Online; dostêp 10.06.2018]"
}

@misc{lstm,
  author = {Christopher Olah},
  title = {Understanding LSTM Networks},
  howpublished = "\url{http://colah.github.io/posts/2015-08-Understanding-LSTMs/}",
  year = {2015}, 
  note = "[Online; dostêp 7.06.2018]"
}


@misc{perceptron,
  author = {Gamil Yassin},
  title = {{Build Simple AI .NET Library - Part 3 - Perceptron}},
  howpublished = "\url{https://www.codeproject.com/Articles/1205732/Build-Simple-AI-NET-Library-Part-Perceptron}",
  year = {2017}, 
  note = "[Online; dostêp 10.06.2018]"
}



@misc{youtube,
	title = {Study Less Study Smart},
	date = {2011},
	organization = {Youtube},
	author = {Marty Lobdell},
	url = {https://www.youtube.com/watch?v=IlU-zDU6aQ0},
	note = "[Online; dostêp 10.06.2018]"
}
@BOOK{MedycynaSnu,
  AUTHOR =       {Wichniak,~A. and Alon Avidan,~Y. and  Phyllis Zee,~C.},
  TITLE =        {{Podrêcznik medycyny snu}},
  PUBLISHER =    {Medipage},
  YEAR =         {2007},
  address =      {Kraków},
}

@BOOK{wiki,
  AUTHOR =       {Wikipedia},
  TITLE =        {{Tarczyca}},
  PUBLISHER =    {Wikimedia Foundation},
  YEAR =         {2018},
  howpublished = "\url{https://pl.wikipedia.org/wiki/Tarczyca}",
  
}
